<record><leader>00000cas a22000007a 4500</leader><controlfield tag="001">17538564</controlfield><controlfield tag="008">880225d18901906ohudn ne      0    0eng d</controlfield><datafield ind1=" " ind2=" " tag="010"><subfield code="a">sn 88077235 </subfield></datafield><datafield ind1=" " ind2=" " tag="040"><subfield code="a">ONP</subfield><subfield code="b">eng</subfield><subfield code="c">ONP</subfield><subfield code="d">OCLCQ</subfield></datafield><datafield ind1=" " ind2=" " tag="042"><subfield code="a">msc</subfield></datafield><datafield ind1="0" ind2=" " tag="130"><subfield code="a">Dayton evening herald (Dayton, Ohio : 1890)</subfield></datafield><datafield ind1="1" ind2="4" tag="245"><subfield code="a">The Dayton evening herald.</subfield></datafield><datafield ind1=" " ind2=" " tag="260"><subfield code="a">Dayton [Ohio] :</subfield><subfield code="b">Herald Pub. Co.,</subfield><subfield code="c">1890-</subfield></datafield><datafield ind1=" " ind2=" " tag="310"><subfield code="a">Daily (except Sun.)</subfield></datafield><datafield ind1="0" ind2=" " tag="362"><subfield code="a">Vol. 10, no. 198 (Oct. 10, 1890)-</subfield></datafield><datafield ind1="1" ind2=" " tag="362"><subfield code="a">Ceased in 1906.</subfield></datafield><datafield ind1=" " ind2=" " tag="752"><subfield code="a">United States</subfield><subfield code="b">Ohio</subfield><subfield code="c">Montgomery</subfield><subfield code="d">Dayton.</subfield></datafield><datafield ind1="0" ind2="0" tag="780"><subfield code="t">Dayton daily herald</subfield><subfield code="w">(DLC)sn 88077234</subfield></datafield><datafield ind1="0" ind2="0" tag="785"><subfield code="t">Dayton herald (Dayton, Ohio : 1906)</subfield><subfield code="w">(DLC)sn 86063813</subfield></datafield></record>